@article{Garcia2023ComparisonRegression,
  author    = {Fernando Garc{\'i}a and Francisco Guijarro and Javier Oliver and Rima Tamo{\v{s}}i{\=u}nienė},
  title     = {Foreign Exchange Forecasting Models: ARIMA and LSTM Comparison},
  journal   = {Engineering Proceedings},
  volume    = {39},
  number    = {1},
  pages     = {81},
  year      = {2023},
  doi       = {10.3390/engproc2023039081},
  url       = {https://doi.org/10.3390/engproc2023039081}
}

@article{Yildirim2021ComparisonClassification,
  author    = {D.C. Yıldırım and I.H. Toroslu and U. Fiore},
  title     = {Forecasting directional movement of Forex data using LSTM with technical and macroeconomic indicators},
  journal   = {Financial Innovation},
  volume    = {7},
  number    = {1},
  year      = {2021},
  doi       = {10.1186/s40854-020-00220-2},
  url       = {https://doi.org/10.1186/s40854-020-00220-2}
}
